@article{DBLP:journals/sigcas/X91,
	title     = {{ACM} code of ethics and professional conduct},
	journal   = {{SIGCAS} Comput. Soc.},
	volume    = {21},
	number    = {2-4},
	pages     = {6--7},
	year      = {1991},
	url       = {https://doi.org/10.1145/122652.122653},
	doi       = {10.1145/122652.122653},
	timestamp = {Wed, 01 Apr 2020 08:47:58 +0200},
	biburl    = {https://dblp.org/rec/journals/sigcas/X91.bib},
	bibsource = {dblp computer science bibliography, https://dblp.org}
}

@article{ciccozzi2019execution,
  title={Execution of UML models: a systematic review of research and practice},
  author={Ciccozzi, Federico and Malavolta, Ivano and Selic, Bran},
  journal={Software \& Systems Modeling},
  volume={18},
  number={3},
  pages={2313--2360},
  year={2019},
  publisher={Springer}
}

@inproceedings{regep2000using,
  title={Using MetaScribe to prototype a UML to C++/Ada95 code generator},
  author={Regep, Dan and Kordon, Fabrice},
  booktitle={Proceedings 11th International Workshop on Rapid System Prototyping. RSP 2000. Shortening the Path from Specification to Prototype (Cat. No. PR00668)},
  pages={128--133},
  year={2000},
  organization={IEEE}
}
