@inproceedings{jiang2017,
	title={Automatically generating commit messages from diffs using neural machine translation},
	author={Jiang, Siyuan and Armaly, Ameer and McMillan, Collin},
	booktitle={2017 32nd IEEE/ACM International Conference on Automated Software Engineering (ASE)},
	pages={135--146},
	year={2017},
	organization={IEEE}
}

@article{allamanis2018survey,
	title={A survey of machine learning for big code and naturalness},
	author={Allamanis, Miltiadis and Barr, Earl T and Devanbu, Premkumar and Sutton, Charles},
	journal={ACM Computing Surveys (CSUR)},
	volume={51},
	number={4},
	pages={1--37},
	year={2018},
	publisher={ACM New York, NY, USA}
}


@electronic{t-shirt,
	author        = "Mike Cohn",
	title         = "Estimating with Tee Shirt Sizes",
	url           = "https://www.mountaingoatsoftware.com/blog/estimating-with-tee-shirt-sizes",
	year          = "2013"
}

@article{letovsky1987cognitive,
	title={Cognitive processes in program comprehension},
	author={Letovsky, Stanley},
	journal={Journal of Systems and software},
	volume={7},
	number={4},
	pages={325--339},
	year={1987},
	publisher={Elsevier}
}


@inproceedings{panichella2013effectively,
	title={How to effectively use topic models for software engineering tasks? an approach based on genetic algorithms},
	author={Panichella, Annibale and Dit, Bogdan and Oliveto, Rocco and Di Penta, Massimilano and Poshynanyk, Denys and De Lucia, Andrea},
	booktitle={2013 35th International Conference on Software Engineering (ICSE)},
	pages={522--531},
	year={2013},
	organization={IEEE}
}

@inproceedings{asuncion2010software,
	title={Software traceability with topic modeling},
	author={Asuncion, Hazeline U and Asuncion, Arthur U and Taylor, Richard N},
	booktitle={2010 ACM/IEEE 32nd International Conference on Software Engineering},
	volume={1},
	pages={95--104},
	year={2010},
	organization={IEEE}
}

@article{raychev2015predicting,
	title={Predicting program properties from  ``big code''},
	author={Raychev, Veselin and Vechev, Martin and Krause, Andreas},
	journal={ACM SIGPLAN Notices},
	volume={50},
	number={1},
	pages={111--124},
	year={2015},
	publisher={ACM New York, NY, USA}
}

@inproceedings{mou2016convolutional,
	title={Convolutional neural networks over tree structures for programming language processing},
	author={Mou, Lili and Li, Ge and Zhang, Lu and Wang, Tao and Jin, Zhi},
	booktitle={Proceedings of the AAAI Conference on Artificial Intelligence},
	volume={30},
	number={1},
	year={2016}
}

@inproceedings{huo2016learning,
	title={Learning unified features from natural and programming languages for locating buggy source code.},
	author={Huo, Xuan and Li, Ming and Zhou, Zhi-Hua and others},
	booktitle={IJCAI},
	volume={16},
	pages={1606--1612},
	year={2016}
}

@inproceedings{gu2016deep,
	title={Deep API learning},
	author={Gu, Xiaodong and Zhang, Hongyu and Zhang, Dongmei and Kim, Sunghun},
	booktitle={Proceedings of the 2016 24th ACM SIGSOFT International Symposium on Foundations of Software Engineering},
	pages={631--642},
	year={2016}
}

@inproceedings{raychev2014code,
	title={Code completion with statistical language models},
	author={Raychev, Veselin and Vechev, Martin and Yahav, Eran},
	booktitle={Proceedings of the 35th ACM SIGPLAN Conference on Programming Language Design and Implementation},
	pages={419--428},
	year={2014}
}

@inproceedings{linares2015changescribe,
	title={Changescribe: A tool for automatically generating commit messages},
	author={Linares-V{\'a}squez, Mario and Cort{\'e}s-Coy, Luis Fernando and Aponte, Jairo and Poshyvanyk, Denys},
	booktitle={2015 IEEE/ACM 37th IEEE International Conference on Software Engineering},
	volume={2},
	pages={709--712},
	year={2015},
	organization={IEEE}
}

@inproceedings{cortes2014automatically,
	title={On automatically generating commit messages via summarization of source code changes},
	author={Cort{\'e}s-Coy, Luis Fernando and Linares-V{\'a}squez, Mario and Aponte, Jairo and Poshyvanyk, Denys},
	booktitle={2014 IEEE 14th International Working Conference on Source Code Analysis and Manipulation},
	pages={275--284},
	year={2014},
	organization={IEEE}
}

@inproceedings{loyola2017neural,
	title={A Neural Architecture for Generating Natural Language Descriptions from Source Code Changes},
	author={Loyola, Pablo and Marrese-Taylor, Edison and Matsuo, Yutaka},
	booktitle={Proceedings of the 55th Annual Meeting of the Association for Computational Linguistics (Volume 2: Short Papers)},
	pages={287--292},
	year={2017}
}


@book{parr2013definitive,
	title={The definitive ANTLR 4 reference},
	author={Parr, Terence},
	year={2013},
	publisher={Pragmatic Bookshelf}
}


@inproceedings{alexandru2017replicating,
	title={Replicating parser behavior using neural machine translation},
	author={Alexandru, Carol V and Panichella, Sebastiano and Gall, Harald C},
	booktitle={2017 IEEE/ACM 25th International Conference on Program Comprehension (ICPC)},
	pages={316--319},
	year={2017},
	organization={IEEE}
}

@inproceedings{buse2010automatically,
	title={Automatically documenting program changes},
	author={Buse, Raymond PL and Weimer, Westley R},
	booktitle={Proceedings of the IEEE/ACM international conference on Automated software engineering},
	pages={33--42},
	year={2010}
}

@article{mikolov2013efficient,
	title={Efficient estimation of word representations in vector space},
	author={Mikolov, Tomas and Chen, Kai and Corrado, Greg and Dean, Jeffrey},
	journal={arXiv preprint arXiv:1301.3781},
	year={2013}
}

@inproceedings{macho2016predicting,
	title={Predicting build co-changes with source code change and commit categories},
	author={Macho, Christian and McIntosh, Shane and Pinzger, Martin},
	booktitle={2016 IEEE 23rd international conference on software analysis, evolution, and reengineering (SANER)},
	volume={1},
	pages={541--551},
	year={2016},
	organization={IEEE}
}

@inproceedings{hattori2008nature,
	title={On the nature of commits},
	author={Hattori, Lile P and Lanza, Michele},
	booktitle={2008 23rd IEEE/ACM International Conference on Automated Software Engineering-Workshops},
	pages={63--71},
	year={2008},
	organization={IEEE}
}

@inproceedings{alali2008s,
	title={What's a typical commit? a characterization of open source software repositories},
	author={Alali, Abdulkareem and Kagdi, Huzefa and Maletic, Jonathan I},
	booktitle={2008 16th IEEE international conference on program comprehension},
	pages={182--191},
	year={2008},
	organization={IEEE}
}


@manual{gnu-diff,
	title = {GNU diffutils - Comparing and Merging Files},
	organization = "Free Software Foundation",
	url = {https://www.gnu.org/software/diffutils/manual/},
	year = {2019},
}

@manual{git-diff,
	title = {git-diff - Show changes between commits, commit and working tree, etc},
	organization = "Git",
	url = {https://git-scm.com/docs/git-diff}
}

@inproceedings{haiduc2010use,
	title={On the use of automated text summarization techniques for summarizing source code},
	author={Haiduc, Sonia and Aponte, Jairo and Moreno, Laura and Marcus, Andrian},
	booktitle={2010 17th Working Conference on Reverse Engineering},
	pages={35--44},
	year={2010},
	organization={IEEE}
}

@inproceedings{steidl2013quality,
	title={Quality analysis of source code comments},
	author={Steidl, Daniela and Hummel, Benjamin and Juergens, Elmar},
	booktitle={2013 21st international conference on program comprehension (icpc)},
	pages={83--92},
	year={2013},
	organization={Ieee}
}

@article{huang2020learning,
	title={Learning Human-Written Commit Messages to Document Code Changes},
	author={Huang, Yuan and Jia, Nan and Zhou, Hao-Jie and Chen, Xiang-Ping and Zheng, Zi-Bin and Tang, Ming-Dong},
	journal={Journal of Computer Science and Technology},
	volume={35},
	number={6},
	pages={1258--1277},
	year={2020},
	publisher={Springer}
}

@inproceedings{eddy2013evaluating,
	title={Evaluating source code summarization techniques: Replication and expansion},
	author={Eddy, Brian P and Robinson, Jeffrey A and Kraft, Nicholas A and Carver, Jeffrey C},
	booktitle={2013 21st International Conference on Program Comprehension (ICPC)},
	pages={13--22},
	year={2013},
	organization={IEEE}
}

@inproceedings{morgachev2019detection,
  title={Detection of variable misuse using static analysis combined with machine learning},
  author={Morgachev, Gleb and Ignatyev, Valery and Belevantsev, Andrey},
  booktitle={2019 Ivannikov Ispras Open Conference (ISPRAS)},
  pages={16--24},
  year={2019},
  organization={IEEE}
}

@inproceedings{loyola2018content,
  title={Content aware source code change description generation},
  author={Loyola, Pablo and Marrese-Taylor, Edison and Balazs, Jorge and Matsuo, Yutaka and Satoh, Fumiko},
  booktitle={Proceedings of the 11th International Conference on Natural Language Generation},
  pages={119--128},
  year={2018}
}

@inproceedings{xu2019commit,
  title={Commit message generation for source code changes},
  author={Xu, Shengbin and Yao, Yuan and Xu, Feng and Gu, Tianxiao and Tong, Hanghang and Lu, Jian},
  booktitle={IJCAI},
  year={2019}
}

@inproceedings{liu2019generating,
  title={Generating commit messages from diffs using pointer-generator network},
  author={Liu, Qin and Liu, Zihe and Zhu, Hongming and Fan, Hongfei and Du, Bowen and Qian, Yu},
  booktitle={2019 IEEE/ACM 16th International Conference on Mining Software Repositories (MSR)},
  pages={299--309},
  year={2019},
  organization={IEEE}
}

@inproceedings{shimagaki2016study,
  title={A study of the quality-impacting practices of modern code review at sony mobile},
  author={Shimagaki, Junji and Kamei, Yasutaka and McIntosh, Shane and Hassan, Ahmed E and Ubayashi, Naoyasu},
  booktitle={Proceedings of the 38th International Conference on Software Engineering Companion},
  pages={212--221},
  year={2016}
}

@article{agarap2018deep,
  title={Deep learning using rectified linear units (relu)},
  author={Agarap, Abien Fred},
  journal={arXiv preprint arXiv:1803.08375},
  year={2018}
}

@article{moreno2016arena,
  title={ARENA: an approach for the automated generation of release notes},
  author={Moreno, Laura and Bavota, Gabriele and Di Penta, Massimiliano and Oliveto, Rocco and Marcus, Andrian and Canfora, Gerardo},
  journal={IEEE Transactions on Software Engineering},
  volume={43},
  number={2},
  pages={106--127},
  year={2016},
  publisher={IEEE}
}

@inproceedings{tao2012software,
  title={How do software engineers understand code changes? An exploratory study in industry},
  author={Tao, Yida and Dang, Yingnong and Xie, Tao and Zhang, Dongmei and Kim, Sunghun},
  booktitle={Proceedings of the ACM SIGSOFT 20th International Symposium on the Foundations of Software Engineering},
  pages={1--11},
  year={2012}
}

@article{silva2020refdiff,
	title={RefDiff 2.0: A multi-language refactoring detection tool},
	author={Silva, Danilo and Silva, Jo{\~a}o and Santos, Gustavo Jansen De Souza and Terra, Ricardo and Valente, Marco Tulio O},
	journal={IEEE Transactions on Software Engineering},
	year={2020},
	publisher={IEEE}
}

@inproceedings{tsantalis2018accurate,
	title={Accurate and efficient refactoring detection in commit history},
	author={Tsantalis, Nikolaos and Mansouri, Matin and Eshkevari, Laleh and Mazinanian, Davood and Dig, Danny},
	booktitle={2018 IEEE/ACM 40th International Conference on Software Engineering (ICSE)},
	pages={483--494},
	year={2018},
	organization={IEEE}
}

@article{avelino_what_2015,
	title = {What is the Truck Factor of popular {GitHub} applications? A first assessment},
	doi = {10.7287/PEERJ.PREPRINTS.1233},
	author = {Avelino, Guilherme and Valente, Marco and Hora, Andre},
	date = {2015-01-01},
}