@article{gorenflo2020fastfabric,
  title={FastFabric: Scaling hyperledger fabric to 20 000 transactions per second},
  author={Gorenflo, Christian and Lee, Stephen and Golab, Lukasz and Keshav, Srinivasan},
  journal={International Journal of Network Management},
  volume={30},
  number={5},
  pages={e2099},
  year={2020},
  publisher={Wiley Online Library}
}